@inproceedings{finke2008lessons,
  title={Lessons learned: game design for large public displays},
  author={Finke, Matthias and Tang, Anthony and Leung, Rock and Blackstock, Michael},
  booktitle={Proceedings of the 3rd international conference on Digital Interactive Media in Entertainment and Arts},
  pages={26--33},
  year={2008},
  organization={ACM DIMEA'08}
}

@inproceedings{kultima2009casual,
  title={Casual game design values},
  author={Kultima, Annakaisa},
  booktitle={Proceedings of the 13th International MindTrek Conference: Everyday Life in the Ubiquitous Era},
  pages={58--65},
  year={2009},
  organization={ACM MindTrek '09}
}

@article{cheng2011casual,
  title={Casual gaming},
  author={Cheng, KW},
  journal={VU Amsterdam},
  year={2011}
}

@inproceedings{walter2013strikeapose,
  title={StrikeAPose: Revealing Mid-Air Gestures on Public Displays},
  author={Walter, Robert and Bailly, Gilles and M\"uller, J\"org},
  year={2013},
	organization={ACM CHI'13}
}

@article{malone1981motivation,
  title={Toward a theory of intrinsically motivating instruction},
  author={Malone, Thomas W},
  journal={Cognitive science},
  volume={5},
  number={4},
  pages={333--369},
  year={1981},
  publisher={Elsevier}
}

@book{salen2004rules,
  title={Rules of play: Game design fundamentals},
  author={Salen, Katie and Zimmerman, Eric},
  year={2004},
  publisher={MIT press}
}

@inproceedings{ohara2008understanding,
  title={Understanding collective play in an urban screen game},
  author={O'Hara, Kenton and Glancy, Maxine and Robertshaw, Simon},
  booktitle={Proceedings of the 2008 ACM conference on Computer supported cooperative work},
  pages={67--76},
  year={2008},
  organization={ACM}
}

@Misc{nielsen1995usability,
  title = {10 Usability Heuristics for User Interface Design},
	author={Jakob Nielsen},
  howpublished = {\url{http://www.nngroup.com/articles/ten-usability-heuristics/}},
}